\begin{thebibliography}{8}
\bibitem{ref_article1}
Author, F.: Article title. Journal \textbf{2}(5), 99--110 (2016)

\bibitem{ref_lncs1}
Author, F., Author, S.: Title of a proceedings paper. In: Editor,
F., Editor, S. (eds.) CONFERENCE 2016, LNCS, vol. 9999, pp. 1--13.
Springer, Heidelberg (2016). \doi{10.10007/1234567890}

\bibitem{ref_book1}
Author, F., Author, S., Author, T.: Book title. 2nd edn. Publisher,
Location (1999)

\bibitem{ref_proc1}
Author, A.-B.: Contribution title. In: 9th International Proceedings
on Proceedings, pp. 1--2. Publisher, Location (2010)

\bibitem{ref_url1}
LNCS Homepage, \url{http://www.springer.com/lncs}. Last accessed 4
Oct 2017
\end{thebibliography}

@article{ref_article1,
  author    = {Author, F.},
  title     = {Article title},
  year      = {2019},
  journal   = {Journal},
  volume    = {9999},
  number    = {1},
  pages     = {99--110},
  publisher = {Springer}
}

@inproceedings{ref_proc1,
  author       = {Author, F.},
  title        = {Article title},
  year         = {2019},
  booktitle    = {CONFERENCE},
  pages        = {99--110},
  organization = {Springer}
}

@misc{ref_url1,
  author       = {Author, F.},
  title        = {LNCS Homepage},
  howpublished = {\url{http://www.springer.com/lncs}},
  note         = {Last accessed 4 Oct 2017}
}
